@article {McKinsey,
	author = {James Manyika and Michael Chui and Peter Bisson and Jonathan Woetzel and Richard Dobbs and Jacques Bughin and Dan Aharon},
	title = {{The Internet of Things: Mapping the Value Beyond the Hype}},
	year = {2015},
	note = {\url{http://bit.ly/2gyPezB}},
}

@inproceedings {kubi,
	author = {Ben Zhang and Nitesh Mor and John Kolb and Douglas S. Chan and Ken Lutz and Eric Allman and John Wawrzynek and Edward Lee and John Kubiatowicz},
	title = {{The Cloud is Not Enough: Saving IoT from the Cloud}},
	booktitle = {7th {USENIX} Workshop on Hot Topics in Cloud Computing (HotCloud 15)},
	year = {2015},
	address = {Santa Clara, CA},
	url = {https://www.usenix.org/conference/hotcloud15/workshop-program/presentation/zhang},
	publisher = {{USENIX} Association},
}

@techreport{RFC1112,
	author = {Steve Deering},
	title = {Host extensions for IP multicasting},
	howpublished = {Internet Requests for Comments},
	type = {STD},
	number = {5},
	year = {1989},
	month = {August},
	issn = {2070-1721},
	publisher = {RFC Editor},
	institution = {RFC Editor},
	url = {http://www.rfc-editor.org/rfc/rfc1112.txt},
	note = {\url{http://www.rfc-editor.org/rfc/rfc1112.txt}},
}

@techreport{RFC2362,
	author = {D.  Estrin and D. Farinacci and A. Helmy and D. Thaler and S. Deering and M. Handley and V. Jacobson and C. Liu and P. Sharma and L. Wei},
	title = {Protocol Independent Multicast-Sparse Mode (PIM-SM): Protocol Specification},
	howpublished = {Internet Requests for Comments},
	type = {RFC},
	number = {2362},
	year = {1998},
	month = {June},
	issn = {2070-1721},
	publisher = {RFC Editor},
	institution = {RFC Editor},
}

@techreport{RFC4605,
	author = {B. Fenner and H. He and B. Haberman and H. Sandick},
	title = {Internet Group Management Protocol (IGMP) / Multicast Listener Discovery (MLD)-Based Multicast Forwarding ("IGMP/MLD Proxying")},
	howpublished = {Internet Requests for Comments},
	type = {RFC},
	number = {4605},
	year = {2006},
	month = {August},
	issn = {2070-1721},
	publisher = {RFC Editor},
	institution = {RFC Editor},
	url = {http://www.rfc-editor.org/rfc/rfc4605.txt},
	note = {\url{http://www.rfc-editor.org/rfc/rfc4605.txt}},
}

@techreport{RFC2328,
	author = {John Moy},
	title = {OSPF Version 2},
	howpublished = {Internet Requests for Comments},
	type = {STD},
	number = {54},
	year = {1998},
	month = {April},
	issn = {2070-1721},
	publisher = {RFC Editor},
	institution = {RFC Editor},
	url = {http://www.rfc-editor.org/rfc/rfc2328.txt},
	note = {\url{http://www.rfc-editor.org/rfc/rfc2328.txt}},
}

@techreport{ISO10589,
	type = {Standard},
	key = {ISO 10589:2002},
	month = nov,
	year = {2002},
	title = {{Information technology -- Telecommunications and information exchange between systems -- Intermediate System to Intermediate System intra-domain routeing information exchange protocol for use in conjunction with the protocol for providing the connectionless-mode network service (ISO 8473)}},
	volume = {2002},
	address = {Geneva, CH},
	institution = {International Organization for Standardization}
}

@techreport{RFC1584,
	author = {J. Moy},
	title = {Multicast Extensions to OSPF},
	howpublished = {Internet Requests for Comments},
	type = {RFC},
	number = {1584},
	year = {1994},
	month = {March},
	issn = {2070-1721},
	publisher = {RFC Editor},
	institution = {RFC Editor},
}

@techreport{RFC2453,
	author = {Gary Scott Malkin},
	title = {RIP Version 2},
	howpublished = {Internet Requests for Comments},
	type = {STD},
	number = {56},
	year = {1998},
	month = {November},
	issn = {2070-1721},
	publisher = {RFC Editor},
	institution = {RFC Editor},
	url = {http://www.rfc-editor.org/rfc/rfc2453.txt},
	note = {\url{http://www.rfc-editor.org/rfc/rfc2453.txt}},
}

@techreport{RFC1075,
	author = {D. Waitzman and C. Partridge and S.E. Deering},
	title = {Distance Vector Multicast Routing Protocol},
	howpublished = {Internet Requests for Comments},
	type = {RFC},
	number = {1075},
	year = {1988},
	month = {November},
	issn = {2070-1721},
	publisher = {RFC Editor},
	institution = {RFC Editor},
}

@techreport{RFC4611,
	author = {M. McBride and J. Meylor and D. Meyer},
	title = {Multicast Source Discovery Protocol (MSDP) Deployment Scenarios},
	howpublished = {Internet Requests for Comments},
	type = {BCP},
	number = {121},
	year = {2006},
	month = {August},
	issn = {2070-1721},
	publisher = {RFC Editor},
	institution = {RFC Editor},
}

@techreport{RFC4604,
	author = {H. Holbrook and B. Cain and B. Haberman},
	title = {Using Internet Group Management Protocol Version 3 (IGMPv3) and Multicast Listener Discovery Protocol Version 2 (MLDv2) for Source-Specific Multicast},
	howpublished = {Internet Requests for Comments},
	type = {RFC},
	number = {4604},
	year = {2006},
	month = {August},
	issn = {2070-1721},
	publisher = {RFC Editor},
	institution = {RFC Editor},
	url = {http://www.rfc-editor.org/rfc/rfc4604.txt},
	note = {\url{http://www.rfc-editor.org/rfc/rfc4604.txt}},
}

@techreport{RFC2201,
	author = {A. Ballardie},
	title = {Core Based Trees (CBT) Multicast Routing Architecture},
	howpublished = {Internet Requests for Comments},
	type = {RFC},
	number = {2201},
	year = {1997},
	month = {September},
	issn = {2070-1721},
	publisher = {RFC Editor},
	institution = {RFC Editor},
}

@INPROCEEDINGS{OCBT, 
	author={C. Shields and J. J. Garcia-Luna-Aceves}, 
	booktitle={INFOCOM '97. Sixteenth Annual Joint Conference of the IEEE Computer and Communications Societies. Driving the Information Revolution., Proceedings IEEE}, 
	title={The ordered core based tree protocol}, 
	year={1997}, 
	volume={2}, 
	number={}, 
	pages={884-891 vol.2}, 
	keywords={protocols;telecommunication links;telecommunication network routing;trees (mathematics);core failure;link failure;multicast routing protocol;multicast tree;ordered core based tree protocol;routing instability;simulation results;tree repair latency;Delay;Multicast protocols;Routing protocols;Scalability;Unicast}, 
	doi={10.1109/INFCOM.1997.644571}, 
	ISSN={0743-166X}, 
	month={Apr},
}

@techreport{RFC3973,
	author = {A. Adams and J. Nicholas and W. Siadak},
	title = {Protocol Independent Multicast - Dense Mode (PIM-DM): Protocol Specification (Revised)},
	howpublished = {Internet Requests for Comments},
	type = {RFC},
	number = {3973},
	year = {2005},
	month = {January},
	issn = {2070-1721},
	publisher = {RFC Editor},
	institution = {RFC Editor},
}

@techreport{RFC3913,
	author = {D. Thaler},
	title = {Border Gateway Multicast Protocol (BGMP): Protocol Specification},
	howpublished = {Internet Requests for Comments},
	type = {RFC},
	number = {3913},
	year = {2004},
	month = {September},
	issn = {2070-1721},
	publisher = {RFC Editor},
	institution = {RFC Editor},
}

@article {ArsTechnica,
	author = {Iljitsch Van Beijnum },
	title = {{IPv6 celebrates its 20th birthday by reaching 10 percent deployment}},
	year = {2016},
	month = 1,
	note = {\url{https://arstechnica.com/information-technology/2016/01/ipv6-celebrates-its-20th-birthday-by-reaching-10-percent-deployment/}},
}

@ARTICLE{MulticastProbs, 
	author={C. Diot and B. N. Levine and B. Lyles and H. Kassem and D. Balensiefen}, 
	journal={IEEE Network}, 
	title={Deployment issues for the IP multicast service and architecture}, 
	year={2000}, 
	volume={14}, 
	number={1}, 
	pages={78-88}, 
	keywords={Internet;computer network management;multicast communication;IP multicast service;Internet;architecture;complexity;deployment issues;group communication applications;open service model;scalable point-to-multipoint delivery;Authorization;Commercialization;Data security;Failure analysis;Multicast protocols;Operating systems;Protection;Robustness;Scalability;Web and internet services}, 
	doi={10.1109/65.819174}, 
	ISSN={0890-8044}, 
	month={Jan},}